%YAML 1.1
%TAG !u! tag:unity3d.com,2011:
--- !u!29 &1
OcclusionCullingSettings:
  m_ObjectHideFlags: 0
  serializedVersion: 2
  m_OcclusionBakeSettings:
    smallestOccluder: 5
    smallestHole: 0.25
    backfaceThreshold: 100
  m_SceneGUID: 00000000000000000000000000000000
  m_OcclusionCullingData: {fileID: 0}
--- !u!104 &2
RenderSettings:
  m_ObjectHideFlags: 0
  serializedVersion: 9
  m_Fog: 0
  m_FogColor: {r: 0.5, g: 0.5, b: 0.5, a: 1}
  m_FogMode: 3
  m_FogDensity: 0.01
  m_LinearFogStart: 0
  m_LinearFogEnd: 300
  m_AmbientSkyColor: {r: 0.212, g: 0.227, b: 0.259, a: 1}
  m_AmbientEquatorColor: {r: 0.114, g: 0.125, b: 0.133, a: 1}
  m_AmbientGroundColor: {r: 0.047, g: 0.043, b: 0.035, a: 1}
  m_AmbientIntensity: 1
  m_AmbientMode: 3
  m_SubtractiveShadowColor: {r: 0.42, g: 0.478, b: 0.627, a: 1}
  m_SkyboxMaterial: {fileID: 0}
  m_HaloStrength: 0.5
  m_FlareStrength: 1
  m_FlareFadeSpeed: 3
  m_HaloTexture: {fileID: 0}
  m_SpotCookie: {fileID: 10001, guid: 0000000000000000e000000000000000, type: 0}
  m_DefaultReflectionMode: 0
  m_DefaultReflectionResolution: 128
  m_ReflectionBounces: 1
  m_ReflectionIntensity: 1
  m_CustomReflection: {fileID: 0}
  m_Sun: {fileID: 0}
  m_IndirectSpecularColor: {r: 0, g: 0, b: 0, a: 1}
  m_UseRadianceAmbientProbe: 0
--- !u!157 &3
LightmapSettings:
  m_ObjectHideFlags: 0
  serializedVersion: 11
  m_GIWorkflowMode: 1
  m_GISettings:
    serializedVersion: 2
    m_BounceScale: 1
    m_IndirectOutputScale: 1
    m_AlbedoBoost: 1
    m_EnvironmentLightingMode: 0
    m_EnableBakedLightmaps: 0
    m_EnableRealtimeLightmaps: 0
  m_LightmapEditorSettings:
    serializedVersion: 10
    m_Resolution: 2
    m_BakeResolution: 40
    m_AtlasSize: 1024
    m_AO: 0
    m_AOMaxDistance: 1
    m_CompAOExponent: 1
    m_CompAOExponentDirect: 0
    m_Padding: 2
    m_LightmapParameters: {fileID: 0}
    m_LightmapsBakeMode: 1
    m_TextureCompression: 1
    m_FinalGather: 0
    m_FinalGatherFiltering: 1
    m_FinalGatherRayCount: 256
    m_ReflectionCompression: 2
    m_MixedBakeMode: 2
    m_BakeBackend: 1
    m_PVRSampling: 1
    m_PVRDirectSampleCount: 32
    m_PVRSampleCount: 500
    m_PVRBounces: 2
    m_PVRFilterTypeDirect: 0
    m_PVRFilterTypeIndirect: 0
    m_PVRFilterTypeAO: 0
    m_PVRFilteringMode: 1
    m_PVRCulling: 1
    m_PVRFilteringGaussRadiusDirect: 1
    m_PVRFilteringGaussRadiusIndirect: 5
    m_PVRFilteringGaussRadiusAO: 2
    m_PVRFilteringAtrousPositionSigmaDirect: 0.5
    m_PVRFilteringAtrousPositionSigmaIndirect: 2
    m_PVRFilteringAtrousPositionSigmaAO: 1
    m_ShowResolutionOverlay: 1
  m_LightingDataAsset: {fileID: 0}
  m_UseShadowmask: 1
--- !u!196 &4
NavMeshSettings:
  serializedVersion: 2
  m_ObjectHideFlags: 0
  m_BuildSettings:
    serializedVersion: 2
    agentTypeID: 0
    agentRadius: 0.5
    agentHeight: 2
    agentSlope: 45
    agentClimb: 0.4
    ledgeDropHeight: 0
    maxJumpAcrossDistance: 0
    minRegionArea: 2
    manualCellSize: 0
    cellSize: 0.16666667
    manualTileSize: 0
    tileSize: 256
    accuratePlacement: 0
    debug:
      m_Flags: 0
  m_NavMeshData: {fileID: 0}
--- !u!1001 &158789597
PrefabInstance:
  m_ObjectHideFlags: 0
  serializedVersion: 2
  m_Modification:
    m_TransformParent: {fileID: 906556341}
    m_Modifications:
    - target: {fileID: 8321899109974541420, guid: 3e27059c7a020ec4b81891b404d900f4,
        type: 3}
      propertyPath: m_Name
      value: Cima 3
      objectReference: {fileID: 0}
    - target: {fileID: 6148534124957787698, guid: 3e27059c7a020ec4b81891b404d900f4,
        type: 3}
      propertyPath: m_LocalPosition.x
      value: 0
      objectReference: {fileID: 0}
    - target: {fileID: 6148534124957787698, guid: 3e27059c7a020ec4b81891b404d900f4,
        type: 3}
      propertyPath: m_LocalPosition.y
      value: 0
      objectReference: {fileID: 0}
    - target: {fileID: 6148534124957787698, guid: 3e27059c7a020ec4b81891b404d900f4,
        type: 3}
      propertyPath: m_LocalPosition.z
      value: 0
      objectReference: {fileID: 0}
    - target: {fileID: 6148534124957787698, guid: 3e27059c7a020ec4b81891b404d900f4,
        type: 3}
      propertyPath: m_LocalRotation.x
      value: 0
      objectReference: {fileID: 0}
    - target: {fileID: 6148534124957787698, guid: 3e27059c7a020ec4b81891b404d900f4,
        type: 3}
      propertyPath: m_LocalRotation.y
      value: 0
      objectReference: {fileID: 0}
    - target: {fileID: 6148534124957787698, guid: 3e27059c7a020ec4b81891b404d900f4,
        type: 3}
      propertyPath: m_LocalRotation.z
      value: 0
      objectReference: {fileID: 0}
    - target: {fileID: 6148534124957787698, guid: 3e27059c7a020ec4b81891b404d900f4,
        type: 3}
      propertyPath: m_LocalRotation.w
      value: 1
      objectReference: {fileID: 0}
    - target: {fileID: 6148534124957787698, guid: 3e27059c7a020ec4b81891b404d900f4,
        type: 3}
      propertyPath: m_RootOrder
      value: 0
      objectReference: {fileID: 0}
    - target: {fileID: 6148534124957787698, guid: 3e27059c7a020ec4b81891b404d900f4,
        type: 3}
      propertyPath: m_LocalEulerAnglesHint.x
      value: 0
      objectReference: {fileID: 0}
    - target: {fileID: 6148534124957787698, guid: 3e27059c7a020ec4b81891b404d900f4,
        type: 3}
      propertyPath: m_LocalEulerAnglesHint.y
      value: 0
      objectReference: {fileID: 0}
    - target: {fileID: 6148534124957787698, guid: 3e27059c7a020ec4b81891b404d900f4,
        type: 3}
      propertyPath: m_LocalEulerAnglesHint.z
      value: 0
      objectReference: {fileID: 0}
    - target: {fileID: 6148534124957787698, guid: 3e27059c7a020ec4b81891b404d900f4,
        type: 3}
      propertyPath: m_AnchoredPosition.x
      value: 0
      objectReference: {fileID: 0}
    - target: {fileID: 6148534124957787698, guid: 3e27059c7a020ec4b81891b404d900f4,
        type: 3}
      propertyPath: m_AnchoredPosition.y
      value: 0
      objectReference: {fileID: 0}
    - target: {fileID: 6148534124957787698, guid: 3e27059c7a020ec4b81891b404d900f4,
        type: 3}
      propertyPath: m_SizeDelta.x
      value: 100
      objectReference: {fileID: 0}
    - target: {fileID: 6148534124957787698, guid: 3e27059c7a020ec4b81891b404d900f4,
        type: 3}
      propertyPath: m_SizeDelta.y
      value: 100
      objectReference: {fileID: 0}
    - target: {fileID: 6148534124957787698, guid: 3e27059c7a020ec4b81891b404d900f4,
        type: 3}
      propertyPath: m_AnchorMin.x
      value: 0.5
      objectReference: {fileID: 0}
    - target: {fileID: 6148534124957787698, guid: 3e27059c7a020ec4b81891b404d900f4,
        type: 3}
      propertyPath: m_AnchorMin.y
      value: 0.5
      objectReference: {fileID: 0}
    - target: {fileID: 6148534124957787698, guid: 3e27059c7a020ec4b81891b404d900f4,
        type: 3}
      propertyPath: m_AnchorMax.x
      value: 0.5
      objectReference: {fileID: 0}
    - target: {fileID: 6148534124957787698, guid: 3e27059c7a020ec4b81891b404d900f4,
        type: 3}
      propertyPath: m_AnchorMax.y
      value: 0.5
      objectReference: {fileID: 0}
    - target: {fileID: 6148534124957787698, guid: 3e27059c7a020ec4b81891b404d900f4,
        type: 3}
      propertyPath: m_Pivot.x
      value: 0.5
      objectReference: {fileID: 0}
    - target: {fileID: 6148534124957787698, guid: 3e27059c7a020ec4b81891b404d900f4,
        type: 3}
      propertyPath: m_Pivot.y
      value: 0.5
      objectReference: {fileID: 0}
    - target: {fileID: 8045577963964655870, guid: 3e27059c7a020ec4b81891b404d900f4,
        type: 3}
      propertyPath: m_Color.r
      value: 0
      objectReference: {fileID: 0}
    - target: {fileID: 8045577963964655870, guid: 3e27059c7a020ec4b81891b404d900f4,
        type: 3}
      propertyPath: m_Color.g
      value: 1
      objectReference: {fileID: 0}
    - target: {fileID: 8045577963964655870, guid: 3e27059c7a020ec4b81891b404d900f4,
        type: 3}
      propertyPath: m_Color.b
      value: 0.952054
      objectReference: {fileID: 0}
    - target: {fileID: 8415492418809448123, guid: 3e27059c7a020ec4b81891b404d900f4,
        type: 3}
      propertyPath: m_AnchoredPosition.x
      value: 95
      objectReference: {fileID: 0}
    - target: {fileID: 4627408211205441891, guid: 3e27059c7a020ec4b81891b404d900f4,
        type: 3}
      propertyPath: m_Color.r
      value: 0
      objectReference: {fileID: 0}
    - target: {fileID: 4627408211205441891, guid: 3e27059c7a020ec4b81891b404d900f4,
        type: 3}
      propertyPath: m_Color.g
      value: 1
      objectReference: {fileID: 0}
    - target: {fileID: 4627408211205441891, guid: 3e27059c7a020ec4b81891b404d900f4,
        type: 3}
      propertyPath: m_Color.b
      value: 0.952054
      objectReference: {fileID: 0}
    - target: {fileID: 6049346530016813252, guid: 3e27059c7a020ec4b81891b404d900f4,
        type: 3}
      propertyPath: m_LocalPosition.y
      value: -20
      objectReference: {fileID: 0}
    - target: {fileID: 6049346530016813252, guid: 3e27059c7a020ec4b81891b404d900f4,
        type: 3}
      propertyPath: m_RootOrder
      value: 6
      objectReference: {fileID: 0}
    m_RemovedComponents: []
  m_SourcePrefab: {fileID: 100100000, guid: 3e27059c7a020ec4b81891b404d900f4, type: 3}
--- !u!1 &263590713 stripped
GameObject:
  m_CorrespondingSourceObject: {fileID: 8321899109974541420, guid: 3e27059c7a020ec4b81891b404d900f4,
    type: 3}
  m_PrefabInstance: {fileID: 1737427578}
  m_PrefabAsset: {fileID: 0}
--- !u!4 &263590714 stripped
Transform:
  m_CorrespondingSourceObject: {fileID: 6049346530016813252, guid: 3e27059c7a020ec4b81891b404d900f4,
    type: 3}
  m_PrefabInstance: {fileID: 1737427578}
  m_PrefabAsset: {fileID: 0}
--- !u!1 &332596601 stripped
GameObject:
  m_CorrespondingSourceObject: {fileID: 8321899109974541420, guid: 3e27059c7a020ec4b81891b404d900f4,
    type: 3}
  m_PrefabInstance: {fileID: 1008501081}
  m_PrefabAsset: {fileID: 0}
--- !u!4 &332596602 stripped
Transform:
  m_CorrespondingSourceObject: {fileID: 6049346530016813252, guid: 3e27059c7a020ec4b81891b404d900f4,
    type: 3}
  m_PrefabInstance: {fileID: 1008501081}
  m_PrefabAsset: {fileID: 0}
--- !u!1 &413905939
GameObject:
  m_ObjectHideFlags: 0
  m_CorrespondingSourceObject: {fileID: 0}
  m_PrefabInstance: {fileID: 0}
  m_PrefabAsset: {fileID: 0}
  serializedVersion: 6
  m_Component:
  - component: {fileID: 413905942}
  - component: {fileID: 413905941}
  - component: {fileID: 413905940}
  m_Layer: 0
  m_Name: EventSystem
  m_TagString: Untagged
  m_Icon: {fileID: 0}
  m_NavMeshLayer: 0
  m_StaticEditorFlags: 0
  m_IsActive: 1
--- !u!114 &413905940
MonoBehaviour:
  m_ObjectHideFlags: 0
  m_CorrespondingSourceObject: {fileID: 0}
  m_PrefabInstance: {fileID: 0}
  m_PrefabAsset: {fileID: 0}
  m_GameObject: {fileID: 413905939}
  m_Enabled: 1
  m_EditorHideFlags: 0
  m_Script: {fileID: 1077351063, guid: f70555f144d8491a825f0804e09c671c, type: 3}
  m_Name: 
  m_EditorClassIdentifier: 
  m_HorizontalAxis: Horizontal
  m_VerticalAxis: Vertical
  m_SubmitButton: Submit
  m_CancelButton: Cancel
  m_InputActionsPerSecond: 10
  m_RepeatDelay: 0.5
  m_ForceModuleActive: 0
--- !u!114 &413905941
MonoBehaviour:
  m_ObjectHideFlags: 0
  m_CorrespondingSourceObject: {fileID: 0}
  m_PrefabInstance: {fileID: 0}
  m_PrefabAsset: {fileID: 0}
  m_GameObject: {fileID: 413905939}
  m_Enabled: 1
  m_EditorHideFlags: 0
  m_Script: {fileID: -619905303, guid: f70555f144d8491a825f0804e09c671c, type: 3}
  m_Name: 
  m_EditorClassIdentifier: 
  m_FirstSelected: {fileID: 0}
  m_sendNavigationEvents: 1
  m_DragThreshold: 10
--- !u!4 &413905942
Transform:
  m_ObjectHideFlags: 0
  m_CorrespondingSourceObject: {fileID: 0}
  m_PrefabInstance: {fileID: 0}
  m_PrefabAsset: {fileID: 0}
  m_GameObject: {fileID: 413905939}
  m_LocalRotation: {x: 0, y: 0, z: 0, w: 1}
  m_LocalPosition: {x: 0, y: 0, z: 0}
  m_LocalScale: {x: 1, y: 1, z: 1}
  m_Children: []
  m_Father: {fileID: 0}
  m_RootOrder: 2
  m_LocalEulerAnglesHint: {x: 0, y: 0, z: 0}
--- !u!1 &518849052 stripped
GameObject:
  m_CorrespondingSourceObject: {fileID: 8321899109974541420, guid: 3e27059c7a020ec4b81891b404d900f4,
    type: 3}
  m_PrefabInstance: {fileID: 1579305210}
  m_PrefabAsset: {fileID: 0}
--- !u!4 &518849053 stripped
Transform:
  m_CorrespondingSourceObject: {fileID: 6049346530016813252, guid: 3e27059c7a020ec4b81891b404d900f4,
    type: 3}
  m_PrefabInstance: {fileID: 1579305210}
  m_PrefabAsset: {fileID: 0}
--- !u!1001 &595456323
PrefabInstance:
  m_ObjectHideFlags: 0
  serializedVersion: 2
  m_Modification:
    m_TransformParent: {fileID: 906556341}
    m_Modifications:
    - target: {fileID: 8321899109974541420, guid: 3e27059c7a020ec4b81891b404d900f4,
        type: 3}
      propertyPath: m_Name
      value: Cima 2
      objectReference: {fileID: 0}
    - target: {fileID: 6148534124957787698, guid: 3e27059c7a020ec4b81891b404d900f4,
        type: 3}
      propertyPath: m_LocalPosition.x
      value: 0
      objectReference: {fileID: 0}
    - target: {fileID: 6148534124957787698, guid: 3e27059c7a020ec4b81891b404d900f4,
        type: 3}
      propertyPath: m_LocalPosition.y
      value: 0
      objectReference: {fileID: 0}
    - target: {fileID: 6148534124957787698, guid: 3e27059c7a020ec4b81891b404d900f4,
        type: 3}
      propertyPath: m_LocalPosition.z
      value: 0
      objectReference: {fileID: 0}
    - target: {fileID: 6148534124957787698, guid: 3e27059c7a020ec4b81891b404d900f4,
        type: 3}
      propertyPath: m_LocalRotation.x
      value: 0
      objectReference: {fileID: 0}
    - target: {fileID: 6148534124957787698, guid: 3e27059c7a020ec4b81891b404d900f4,
        type: 3}
      propertyPath: m_LocalRotation.y
      value: 0
      objectReference: {fileID: 0}
    - target: {fileID: 6148534124957787698, guid: 3e27059c7a020ec4b81891b404d900f4,
        type: 3}
      propertyPath: m_LocalRotation.z
      value: 0
      objectReference: {fileID: 0}
    - target: {fileID: 6148534124957787698, guid: 3e27059c7a020ec4b81891b404d900f4,
        type: 3}
      propertyPath: m_LocalRotation.w
      value: 1
      objectReference: {fileID: 0}
    - target: {fileID: 6148534124957787698, guid: 3e27059c7a020ec4b81891b404d900f4,
        type: 3}
      propertyPath: m_RootOrder
      value: 0
      objectReference: {fileID: 0}
    - target: {fileID: 6148534124957787698, guid: 3e27059c7a020ec4b81891b404d900f4,
        type: 3}
      propertyPath: m_LocalEulerAnglesHint.x
      value: 0
      objectReference: {fileID: 0}
    - target: {fileID: 6148534124957787698, guid: 3e27059c7a020ec4b81891b404d900f4,
        type: 3}
      propertyPath: m_LocalEulerAnglesHint.y
      value: 0
      objectReference: {fileID: 0}
    - target: {fileID: 6148534124957787698, guid: 3e27059c7a020ec4b81891b404d900f4,
        type: 3}
      propertyPath: m_LocalEulerAnglesHint.z
      value: 0
      objectReference: {fileID: 0}
    - target: {fileID: 6148534124957787698, guid: 3e27059c7a020ec4b81891b404d900f4,
        type: 3}
      propertyPath: m_AnchoredPosition.x
      value: 0
      objectReference: {fileID: 0}
    - target: {fileID: 6148534124957787698, guid: 3e27059c7a020ec4b81891b404d900f4,
        type: 3}
      propertyPath: m_AnchoredPosition.y
      value: 0
      objectReference: {fileID: 0}
    - target: {fileID: 6148534124957787698, guid: 3e27059c7a020ec4b81891b404d900f4,
        type: 3}
      propertyPath: m_SizeDelta.x
      value: 100
      objectReference: {fileID: 0}
    - target: {fileID: 6148534124957787698, guid: 3e27059c7a020ec4b81891b404d900f4,
        type: 3}
      propertyPath: m_SizeDelta.y
      value: 100
      objectReference: {fileID: 0}
    - target: {fileID: 6148534124957787698, guid: 3e27059c7a020ec4b81891b404d900f4,
        type: 3}
      propertyPath: m_AnchorMin.x
      value: 0.5
      objectReference: {fileID: 0}
    - target: {fileID: 6148534124957787698, guid: 3e27059c7a020ec4b81891b404d900f4,
        type: 3}
      propertyPath: m_AnchorMin.y
      value: 0.5
      objectReference: {fileID: 0}
    - target: {fileID: 6148534124957787698, guid: 3e27059c7a020ec4b81891b404d900f4,
        type: 3}
      propertyPath: m_AnchorMax.x
      value: 0.5
      objectReference: {fileID: 0}
    - target: {fileID: 6148534124957787698, guid: 3e27059c7a020ec4b81891b404d900f4,
        type: 3}
      propertyPath: m_AnchorMax.y
      value: 0.5
      objectReference: {fileID: 0}
    - target: {fileID: 6148534124957787698, guid: 3e27059c7a020ec4b81891b404d900f4,
        type: 3}
      propertyPath: m_Pivot.x
      value: 0.5
      objectReference: {fileID: 0}
    - target: {fileID: 6148534124957787698, guid: 3e27059c7a020ec4b81891b404d900f4,
        type: 3}
      propertyPath: m_Pivot.y
      value: 0.5
      objectReference: {fileID: 0}
    - target: {fileID: 8045577963964655870, guid: 3e27059c7a020ec4b81891b404d900f4,
        type: 3}
      propertyPath: m_Color.r
      value: 0
      objectReference: {fileID: 0}
    - target: {fileID: 8045577963964655870, guid: 3e27059c7a020ec4b81891b404d900f4,
        type: 3}
      propertyPath: m_Color.g
      value: 1
      objectReference: {fileID: 0}
    - target: {fileID: 8045577963964655870, guid: 3e27059c7a020ec4b81891b404d900f4,
        type: 3}
      propertyPath: m_Color.b
      value: 0.952054
      objectReference: {fileID: 0}
    - target: {fileID: 8415492418809448123, guid: 3e27059c7a020ec4b81891b404d900f4,
        type: 3}
      propertyPath: m_AnchoredPosition.x
      value: 95
      objectReference: {fileID: 0}
    - target: {fileID: 4627408211205441891, guid: 3e27059c7a020ec4b81891b404d900f4,
        type: 3}
      propertyPath: m_Color.r
      value: 0
      objectReference: {fileID: 0}
    - target: {fileID: 4627408211205441891, guid: 3e27059c7a020ec4b81891b404d900f4,
        type: 3}
      propertyPath: m_Color.g
      value: 1
      objectReference: {fileID: 0}
    - target: {fileID: 4627408211205441891, guid: 3e27059c7a020ec4b81891b404d900f4,
        type: 3}
      propertyPath: m_Color.b
      value: 0.952054
      objectReference: {fileID: 0}
    - target: {fileID: 6049346530016813252, guid: 3e27059c7a020ec4b81891b404d900f4,
        type: 3}
      propertyPath: m_LocalPosition.y
      value: 20
      objectReference: {fileID: 0}
    - target: {fileID: 6049346530016813252, guid: 3e27059c7a020ec4b81891b404d900f4,
        type: 3}
      propertyPath: m_RootOrder
      value: 5
      objectReference: {fileID: 0}
    m_RemovedComponents: []
  m_SourcePrefab: {fileID: 100100000, guid: 3e27059c7a020ec4b81891b404d900f4, type: 3}
--- !u!1 &906556340
GameObject:
  m_ObjectHideFlags: 0
  m_CorrespondingSourceObject: {fileID: 0}
  m_PrefabInstance: {fileID: 0}
  m_PrefabAsset: {fileID: 0}
  serializedVersion: 6
  m_Component:
  - component: {fileID: 906556341}
  - component: {fileID: 906556344}
  - component: {fileID: 906556343}
  - component: {fileID: 906556342}
  m_Layer: 5
  m_Name: Canvas
  m_TagString: Untagged
  m_Icon: {fileID: 0}
  m_NavMeshLayer: 0
  m_StaticEditorFlags: 0
  m_IsActive: 1
--- !u!224 &906556341
RectTransform:
  m_ObjectHideFlags: 0
  m_CorrespondingSourceObject: {fileID: 0}
  m_PrefabInstance: {fileID: 0}
  m_PrefabAsset: {fileID: 0}
  m_GameObject: {fileID: 906556340}
  m_LocalRotation: {x: 0, y: 0, z: 0, w: 1}
  m_LocalPosition: {x: 0, y: 0, z: 0}
  m_LocalScale: {x: 0, y: 0, z: 0}
  m_Children:
  - {fileID: 1114711473}
  - {fileID: 8321899109974541421}
  - {fileID: 1751078186}
  - {fileID: 263590714}
  - {fileID: 518849053}
  - {fileID: 2086540850}
  - {fileID: 1861767594}
  - {fileID: 1628792604}
  - {fileID: 1658857084}
  - {fileID: 332596602}
  m_Father: {fileID: 0}
  m_RootOrder: 1
  m_LocalEulerAnglesHint: {x: 0, y: 0, z: 0}
  m_AnchorMin: {x: 0, y: 0}
  m_AnchorMax: {x: 0, y: 0}
  m_AnchoredPosition: {x: 0, y: 0}
  m_SizeDelta: {x: 0, y: 0}
  m_Pivot: {x: 0, y: 0}
--- !u!114 &906556342
MonoBehaviour:
  m_ObjectHideFlags: 0
  m_CorrespondingSourceObject: {fileID: 0}
  m_PrefabInstance: {fileID: 0}
  m_PrefabAsset: {fileID: 0}
  m_GameObject: {fileID: 906556340}
  m_Enabled: 1
  m_EditorHideFlags: 0
  m_Script: {fileID: 1301386320, guid: f70555f144d8491a825f0804e09c671c, type: 3}
  m_Name: 
  m_EditorClassIdentifier: 
  m_IgnoreReversedGraphics: 1
  m_BlockingObjects: 0
  m_BlockingMask:
    serializedVersion: 2
    m_Bits: 4294967295
--- !u!114 &906556343
MonoBehaviour:
  m_ObjectHideFlags: 0
  m_CorrespondingSourceObject: {fileID: 0}
  m_PrefabInstance: {fileID: 0}
  m_PrefabAsset: {fileID: 0}
  m_GameObject: {fileID: 906556340}
  m_Enabled: 1
  m_EditorHideFlags: 0
  m_Script: {fileID: 1980459831, guid: f70555f144d8491a825f0804e09c671c, type: 3}
  m_Name: 
  m_EditorClassIdentifier: 
  m_UiScaleMode: 0
  m_ReferencePixelsPerUnit: 100
  m_ScaleFactor: 1
  m_ReferenceResolution: {x: 800, y: 600}
  m_ScreenMatchMode: 0
  m_MatchWidthOrHeight: 0
  m_PhysicalUnit: 3
  m_FallbackScreenDPI: 96
  m_DefaultSpriteDPI: 96
  m_DynamicPixelsPerUnit: 1
--- !u!223 &906556344
Canvas:
  m_ObjectHideFlags: 0
  m_CorrespondingSourceObject: {fileID: 0}
  m_PrefabInstance: {fileID: 0}
  m_PrefabAsset: {fileID: 0}
  m_GameObject: {fileID: 906556340}
  m_Enabled: 1
  serializedVersion: 3
  m_RenderMode: 0
  m_Camera: {fileID: 0}
  m_PlaneDistance: 100
  m_PixelPerfect: 0
  m_ReceivesEvents: 1
  m_OverrideSorting: 0
  m_OverridePixelPerfect: 0
  m_SortingBucketNormalizedSize: 0
  m_AdditionalShaderChannelsFlag: 0
  m_SortingLayerID: 0
  m_SortingOrder: 0
  m_TargetDisplay: 0
--- !u!1001 &1008501081
PrefabInstance:
  m_ObjectHideFlags: 0
  serializedVersion: 2
  m_Modification:
    m_TransformParent: {fileID: 906556341}
    m_Modifications:
    - target: {fileID: 8321899109974541420, guid: 3e27059c7a020ec4b81891b404d900f4,
        type: 3}
      propertyPath: m_Name
      value: Baixo 2
      objectReference: {fileID: 0}
    - target: {fileID: 6148534124957787698, guid: 3e27059c7a020ec4b81891b404d900f4,
        type: 3}
      propertyPath: m_LocalPosition.x
      value: 0
      objectReference: {fileID: 0}
    - target: {fileID: 6148534124957787698, guid: 3e27059c7a020ec4b81891b404d900f4,
        type: 3}
      propertyPath: m_LocalPosition.y
      value: 0
      objectReference: {fileID: 0}
    - target: {fileID: 6148534124957787698, guid: 3e27059c7a020ec4b81891b404d900f4,
        type: 3}
      propertyPath: m_LocalPosition.z
      value: 0
      objectReference: {fileID: 0}
    - target: {fileID: 6148534124957787698, guid: 3e27059c7a020ec4b81891b404d900f4,
        type: 3}
      propertyPath: m_LocalRotation.x
      value: 0
      objectReference: {fileID: 0}
    - target: {fileID: 6148534124957787698, guid: 3e27059c7a020ec4b81891b404d900f4,
        type: 3}
      propertyPath: m_LocalRotation.y
      value: 0
      objectReference: {fileID: 0}
    - target: {fileID: 6148534124957787698, guid: 3e27059c7a020ec4b81891b404d900f4,
        type: 3}
      propertyPath: m_LocalRotation.z
      value: 0
      objectReference: {fileID: 0}
    - target: {fileID: 6148534124957787698, guid: 3e27059c7a020ec4b81891b404d900f4,
        type: 3}
      propertyPath: m_LocalRotation.w
      value: 1
      objectReference: {fileID: 0}
    - target: {fileID: 6148534124957787698, guid: 3e27059c7a020ec4b81891b404d900f4,
        type: 3}
      propertyPath: m_RootOrder
      value: 0
      objectReference: {fileID: 0}
    - target: {fileID: 6148534124957787698, guid: 3e27059c7a020ec4b81891b404d900f4,
        type: 3}
      propertyPath: m_LocalEulerAnglesHint.x
      value: 0
      objectReference: {fileID: 0}
    - target: {fileID: 6148534124957787698, guid: 3e27059c7a020ec4b81891b404d900f4,
        type: 3}
      propertyPath: m_LocalEulerAnglesHint.y
      value: 0
      objectReference: {fileID: 0}
    - target: {fileID: 6148534124957787698, guid: 3e27059c7a020ec4b81891b404d900f4,
        type: 3}
      propertyPath: m_LocalEulerAnglesHint.z
      value: 0
      objectReference: {fileID: 0}
    - target: {fileID: 6148534124957787698, guid: 3e27059c7a020ec4b81891b404d900f4,
        type: 3}
      propertyPath: m_AnchoredPosition.x
      value: 0
      objectReference: {fileID: 0}
    - target: {fileID: 6148534124957787698, guid: 3e27059c7a020ec4b81891b404d900f4,
        type: 3}
      propertyPath: m_AnchoredPosition.y
      value: 0
      objectReference: {fileID: 0}
    - target: {fileID: 6148534124957787698, guid: 3e27059c7a020ec4b81891b404d900f4,
        type: 3}
      propertyPath: m_SizeDelta.x
      value: 100
      objectReference: {fileID: 0}
    - target: {fileID: 6148534124957787698, guid: 3e27059c7a020ec4b81891b404d900f4,
        type: 3}
      propertyPath: m_SizeDelta.y
      value: 100
      objectReference: {fileID: 0}
    - target: {fileID: 6148534124957787698, guid: 3e27059c7a020ec4b81891b404d900f4,
        type: 3}
      propertyPath: m_AnchorMin.x
      value: 0.5
      objectReference: {fileID: 0}
    - target: {fileID: 6148534124957787698, guid: 3e27059c7a020ec4b81891b404d900f4,
        type: 3}
      propertyPath: m_AnchorMin.y
      value: 0.5
      objectReference: {fileID: 0}
    - target: {fileID: 6148534124957787698, guid: 3e27059c7a020ec4b81891b404d900f4,
        type: 3}
      propertyPath: m_AnchorMax.x
      value: 0.5
      objectReference: {fileID: 0}
    - target: {fileID: 6148534124957787698, guid: 3e27059c7a020ec4b81891b404d900f4,
        type: 3}
      propertyPath: m_AnchorMax.y
      value: 0.5
      objectReference: {fileID: 0}
    - target: {fileID: 6148534124957787698, guid: 3e27059c7a020ec4b81891b404d900f4,
        type: 3}
      propertyPath: m_Pivot.x
      value: 0.5
      objectReference: {fileID: 0}
    - target: {fileID: 6148534124957787698, guid: 3e27059c7a020ec4b81891b404d900f4,
        type: 3}
      propertyPath: m_Pivot.y
      value: 0.5
      objectReference: {fileID: 0}
    - target: {fileID: 8045577963964655870, guid: 3e27059c7a020ec4b81891b404d900f4,
        type: 3}
      propertyPath: m_Color.r
      value: 1
      objectReference: {fileID: 0}
    - target: {fileID: 8045577963964655870, guid: 3e27059c7a020ec4b81891b404d900f4,
        type: 3}
      propertyPath: m_Color.g
      value: 0
      objectReference: {fileID: 0}
    - target: {fileID: 8045577963964655870, guid: 3e27059c7a020ec4b81891b404d900f4,
        type: 3}
      propertyPath: m_Color.b
      value: 0.019191265
      objectReference: {fileID: 0}
    - target: {fileID: 8415492418809448123, guid: 3e27059c7a020ec4b81891b404d900f4,
        type: 3}
      propertyPath: m_AnchoredPosition.x
      value: 95
      objectReference: {fileID: 0}
    - target: {fileID: 4627408211205441891, guid: 3e27059c7a020ec4b81891b404d900f4,
        type: 3}
      propertyPath: m_Color.r
      value: 1
      objectReference: {fileID: 0}
    - target: {fileID: 4627408211205441891, guid: 3e27059c7a020ec4b81891b404d900f4,
        type: 3}
      propertyPath: m_Color.g
      value: 0
      objectReference: {fileID: 0}
    - target: {fileID: 4627408211205441891, guid: 3e27059c7a020ec4b81891b404d900f4,
        type: 3}
      propertyPath: m_Color.b
      value: 0.019191265
      objectReference: {fileID: 0}
    - target: {fileID: 6049346530016813252, guid: 3e27059c7a020ec4b81891b404d900f4,
        type: 3}
      propertyPath: m_LocalPosition.y
      value: -140
      objectReference: {fileID: 0}
    - target: {fileID: 6049346530016813252, guid: 3e27059c7a020ec4b81891b404d900f4,
        type: 3}
      propertyPath: m_RootOrder
      value: 9
      objectReference: {fileID: 0}
    m_RemovedComponents: []
  m_SourcePrefab: {fileID: 100100000, guid: 3e27059c7a020ec4b81891b404d900f4, type: 3}
--- !u!1 &1114711472 stripped
GameObject:
  m_CorrespondingSourceObject: {fileID: 8321899109974541420, guid: 3e27059c7a020ec4b81891b404d900f4,
    type: 3}
  m_PrefabInstance: {fileID: 1945152879}
  m_PrefabAsset: {fileID: 0}
--- !u!4 &1114711473 stripped
Transform:
  m_CorrespondingSourceObject: {fileID: 6049346530016813252, guid: 3e27059c7a020ec4b81891b404d900f4,
    type: 3}
  m_PrefabInstance: {fileID: 1945152879}
  m_PrefabAsset: {fileID: 0}
--- !u!1001 &1337359464
PrefabInstance:
  m_ObjectHideFlags: 0
  serializedVersion: 2
  m_Modification:
    m_TransformParent: {fileID: 906556341}
    m_Modifications:
    - target: {fileID: 8321899109974541420, guid: 3e27059c7a020ec4b81891b404d900f4,
        type: 3}
      propertyPath: m_Name
      value: Jogador
      objectReference: {fileID: 0}
    - target: {fileID: 6148534124957787698, guid: 3e27059c7a020ec4b81891b404d900f4,
        type: 3}
      propertyPath: m_LocalPosition.x
      value: 0
      objectReference: {fileID: 0}
    - target: {fileID: 6148534124957787698, guid: 3e27059c7a020ec4b81891b404d900f4,
        type: 3}
      propertyPath: m_LocalPosition.y
      value: 0
      objectReference: {fileID: 0}
    - target: {fileID: 6148534124957787698, guid: 3e27059c7a020ec4b81891b404d900f4,
        type: 3}
      propertyPath: m_LocalPosition.z
      value: 0
      objectReference: {fileID: 0}
    - target: {fileID: 6148534124957787698, guid: 3e27059c7a020ec4b81891b404d900f4,
        type: 3}
      propertyPath: m_LocalRotation.x
      value: 0
      objectReference: {fileID: 0}
    - target: {fileID: 6148534124957787698, guid: 3e27059c7a020ec4b81891b404d900f4,
        type: 3}
      propertyPath: m_LocalRotation.y
      value: 0
      objectReference: {fileID: 0}
    - target: {fileID: 6148534124957787698, guid: 3e27059c7a020ec4b81891b404d900f4,
        type: 3}
      propertyPath: m_LocalRotation.z
      value: 0
      objectReference: {fileID: 0}
    - target: {fileID: 6148534124957787698, guid: 3e27059c7a020ec4b81891b404d900f4,
        type: 3}
      propertyPath: m_LocalRotation.w
      value: 1
      objectReference: {fileID: 0}
    - target: {fileID: 6148534124957787698, guid: 3e27059c7a020ec4b81891b404d900f4,
        type: 3}
      propertyPath: m_RootOrder
      value: 0
      objectReference: {fileID: 0}
    - target: {fileID: 6148534124957787698, guid: 3e27059c7a020ec4b81891b404d900f4,
        type: 3}
      propertyPath: m_LocalEulerAnglesHint.x
      value: 0
      objectReference: {fileID: 0}
    - target: {fileID: 6148534124957787698, guid: 3e27059c7a020ec4b81891b404d900f4,
        type: 3}
      propertyPath: m_LocalEulerAnglesHint.y
      value: 0
      objectReference: {fileID: 0}
    - target: {fileID: 6148534124957787698, guid: 3e27059c7a020ec4b81891b404d900f4,
        type: 3}
      propertyPath: m_LocalEulerAnglesHint.z
      value: 0
      objectReference: {fileID: 0}
    - target: {fileID: 6148534124957787698, guid: 3e27059c7a020ec4b81891b404d900f4,
        type: 3}
      propertyPath: m_AnchoredPosition.x
      value: 0
      objectReference: {fileID: 0}
    - target: {fileID: 6148534124957787698, guid: 3e27059c7a020ec4b81891b404d900f4,
        type: 3}
      propertyPath: m_AnchoredPosition.y
      value: 0
      objectReference: {fileID: 0}
    - target: {fileID: 6148534124957787698, guid: 3e27059c7a020ec4b81891b404d900f4,
        type: 3}
      propertyPath: m_SizeDelta.x
      value: 100
      objectReference: {fileID: 0}
    - target: {fileID: 6148534124957787698, guid: 3e27059c7a020ec4b81891b404d900f4,
        type: 3}
      propertyPath: m_SizeDelta.y
      value: 100
      objectReference: {fileID: 0}
    - target: {fileID: 6148534124957787698, guid: 3e27059c7a020ec4b81891b404d900f4,
        type: 3}
      propertyPath: m_AnchorMin.x
      value: 0.5
      objectReference: {fileID: 0}
    - target: {fileID: 6148534124957787698, guid: 3e27059c7a020ec4b81891b404d900f4,
        type: 3}
      propertyPath: m_AnchorMin.y
      value: 0.5
      objectReference: {fileID: 0}
    - target: {fileID: 6148534124957787698, guid: 3e27059c7a020ec4b81891b404d900f4,
        type: 3}
      propertyPath: m_AnchorMax.x
      value: 0.5
      objectReference: {fileID: 0}
    - target: {fileID: 6148534124957787698, guid: 3e27059c7a020ec4b81891b404d900f4,
        type: 3}
      propertyPath: m_AnchorMax.y
      value: 0.5
      objectReference: {fileID: 0}
    - target: {fileID: 6148534124957787698, guid: 3e27059c7a020ec4b81891b404d900f4,
        type: 3}
      propertyPath: m_Pivot.x
      value: 0.5
      objectReference: {fileID: 0}
    - target: {fileID: 6148534124957787698, guid: 3e27059c7a020ec4b81891b404d900f4,
        type: 3}
      propertyPath: m_Pivot.y
      value: 0.5
      objectReference: {fileID: 0}
    - target: {fileID: 8415492418809448123, guid: 3e27059c7a020ec4b81891b404d900f4,
        type: 3}
      propertyPath: m_AnchoredPosition.x
      value: 95
      objectReference: {fileID: 0}
    - target: {fileID: 6049346530016813252, guid: 3e27059c7a020ec4b81891b404d900f4,
        type: 3}
      propertyPath: m_LocalPosition.y
      value: -60
      objectReference: {fileID: 0}
    - target: {fileID: 6049346530016813252, guid: 3e27059c7a020ec4b81891b404d900f4,
        type: 3}
      propertyPath: m_RootOrder
      value: 7
      objectReference: {fileID: 0}
    m_RemovedComponents: []
  m_SourcePrefab: {fileID: 100100000, guid: 3e27059c7a020ec4b81891b404d900f4, type: 3}
--- !u!1001 &1579305210
PrefabInstance:
  m_ObjectHideFlags: 0
  serializedVersion: 2
  m_Modification:
    m_TransformParent: {fileID: 906556341}
    m_Modifications:
    - target: {fileID: 8321899109974541420, guid: 3e27059c7a020ec4b81891b404d900f4,
        type: 3}
      propertyPath: m_Name
      value: Cima 1
      objectReference: {fileID: 0}
    - target: {fileID: 6148534124957787698, guid: 3e27059c7a020ec4b81891b404d900f4,
        type: 3}
      propertyPath: m_LocalPosition.x
      value: 0
      objectReference: {fileID: 0}
    - target: {fileID: 6148534124957787698, guid: 3e27059c7a020ec4b81891b404d900f4,
        type: 3}
      propertyPath: m_LocalPosition.y
      value: 0
      objectReference: {fileID: 0}
    - target: {fileID: 6148534124957787698, guid: 3e27059c7a020ec4b81891b404d900f4,
        type: 3}
      propertyPath: m_LocalPosition.z
      value: 0
      objectReference: {fileID: 0}
    - target: {fileID: 6148534124957787698, guid: 3e27059c7a020ec4b81891b404d900f4,
        type: 3}
      propertyPath: m_LocalRotation.x
      value: 0
      objectReference: {fileID: 0}
    - target: {fileID: 6148534124957787698, guid: 3e27059c7a020ec4b81891b404d900f4,
        type: 3}
      propertyPath: m_LocalRotation.y
      value: 0
      objectReference: {fileID: 0}
    - target: {fileID: 6148534124957787698, guid: 3e27059c7a020ec4b81891b404d900f4,
        type: 3}
      propertyPath: m_LocalRotation.z
      value: 0
      objectReference: {fileID: 0}
    - target: {fileID: 6148534124957787698, guid: 3e27059c7a020ec4b81891b404d900f4,
        type: 3}
      propertyPath: m_LocalRotation.w
      value: 1
      objectReference: {fileID: 0}
    - target: {fileID: 6148534124957787698, guid: 3e27059c7a020ec4b81891b404d900f4,
        type: 3}
      propertyPath: m_RootOrder
      value: 0
      objectReference: {fileID: 0}
    - target: {fileID: 6148534124957787698, guid: 3e27059c7a020ec4b81891b404d900f4,
        type: 3}
      propertyPath: m_LocalEulerAnglesHint.x
      value: 0
      objectReference: {fileID: 0}
    - target: {fileID: 6148534124957787698, guid: 3e27059c7a020ec4b81891b404d900f4,
        type: 3}
      propertyPath: m_LocalEulerAnglesHint.y
      value: 0
      objectReference: {fileID: 0}
    - target: {fileID: 6148534124957787698, guid: 3e27059c7a020ec4b81891b404d900f4,
        type: 3}
      propertyPath: m_LocalEulerAnglesHint.z
      value: 0
      objectReference: {fileID: 0}
    - target: {fileID: 6148534124957787698, guid: 3e27059c7a020ec4b81891b404d900f4,
        type: 3}
      propertyPath: m_AnchoredPosition.x
      value: 0
      objectReference: {fileID: 0}
    - target: {fileID: 6148534124957787698, guid: 3e27059c7a020ec4b81891b404d900f4,
        type: 3}
      propertyPath: m_AnchoredPosition.y
      value: 0
      objectReference: {fileID: 0}
    - target: {fileID: 6148534124957787698, guid: 3e27059c7a020ec4b81891b404d900f4,
        type: 3}
      propertyPath: m_SizeDelta.x
      value: 100
      objectReference: {fileID: 0}
    - target: {fileID: 6148534124957787698, guid: 3e27059c7a020ec4b81891b404d900f4,
        type: 3}
      propertyPath: m_SizeDelta.y
      value: 100
      objectReference: {fileID: 0}
    - target: {fileID: 6148534124957787698, guid: 3e27059c7a020ec4b81891b404d900f4,
        type: 3}
      propertyPath: m_AnchorMin.x
      value: 0.5
      objectReference: {fileID: 0}
    - target: {fileID: 6148534124957787698, guid: 3e27059c7a020ec4b81891b404d900f4,
        type: 3}
      propertyPath: m_AnchorMin.y
      value: 0.5
      objectReference: {fileID: 0}
    - target: {fileID: 6148534124957787698, guid: 3e27059c7a020ec4b81891b404d900f4,
        type: 3}
      propertyPath: m_AnchorMax.x
      value: 0.5
      objectReference: {fileID: 0}
    - target: {fileID: 6148534124957787698, guid: 3e27059c7a020ec4b81891b404d900f4,
        type: 3}
      propertyPath: m_AnchorMax.y
      value: 0.5
      objectReference: {fileID: 0}
    - target: {fileID: 6148534124957787698, guid: 3e27059c7a020ec4b81891b404d900f4,
        type: 3}
      propertyPath: m_Pivot.x
      value: 0.5
      objectReference: {fileID: 0}
    - target: {fileID: 6148534124957787698, guid: 3e27059c7a020ec4b81891b404d900f4,
        type: 3}
      propertyPath: m_Pivot.y
      value: 0.5
      objectReference: {fileID: 0}
    - target: {fileID: 8045577963964655870, guid: 3e27059c7a020ec4b81891b404d900f4,
        type: 3}
      propertyPath: m_Color.r
      value: 0
      objectReference: {fileID: 0}
    - target: {fileID: 8045577963964655870, guid: 3e27059c7a020ec4b81891b404d900f4,
        type: 3}
      propertyPath: m_Color.g
      value: 1
      objectReference: {fileID: 0}
    - target: {fileID: 8045577963964655870, guid: 3e27059c7a020ec4b81891b404d900f4,
        type: 3}
      propertyPath: m_Color.b
      value: 0.952054
      objectReference: {fileID: 0}
    - target: {fileID: 8415492418809448123, guid: 3e27059c7a020ec4b81891b404d900f4,
        type: 3}
      propertyPath: m_AnchoredPosition.x
      value: 95
      objectReference: {fileID: 0}
    - target: {fileID: 4627408211205441891, guid: 3e27059c7a020ec4b81891b404d900f4,
        type: 3}
      propertyPath: m_Color.r
      value: 0
      objectReference: {fileID: 0}
    - target: {fileID: 4627408211205441891, guid: 3e27059c7a020ec4b81891b404d900f4,
        type: 3}
      propertyPath: m_Color.g
      value: 1
      objectReference: {fileID: 0}
    - target: {fileID: 4627408211205441891, guid: 3e27059c7a020ec4b81891b404d900f4,
        type: 3}
      propertyPath: m_Color.b
      value: 0.952054
      objectReference: {fileID: 0}
    - target: {fileID: 6049346530016813252, guid: 3e27059c7a020ec4b81891b404d900f4,
        type: 3}
      propertyPath: m_LocalPosition.y
      value: 60
      objectReference: {fileID: 0}
    - target: {fileID: 6049346530016813252, guid: 3e27059c7a020ec4b81891b404d900f4,
        type: 3}
      propertyPath: m_RootOrder
      value: 4
      objectReference: {fileID: 0}
    m_RemovedComponents: []
  m_SourcePrefab: {fileID: 100100000, guid: 3e27059c7a020ec4b81891b404d900f4, type: 3}
--- !u!1 &1628792603 stripped
GameObject:
  m_CorrespondingSourceObject: {fileID: 8321899109974541420, guid: 3e27059c7a020ec4b81891b404d900f4,
    type: 3}
  m_PrefabInstance: {fileID: 1337359464}
  m_PrefabAsset: {fileID: 0}
--- !u!4 &1628792604 stripped
Transform:
  m_CorrespondingSourceObject: {fileID: 6049346530016813252, guid: 3e27059c7a020ec4b81891b404d900f4,
    type: 3}
  m_PrefabInstance: {fileID: 1337359464}
  m_PrefabAsset: {fileID: 0}
--- !u!1 &1658857083 stripped
GameObject:
  m_CorrespondingSourceObject: {fileID: 8321899109974541420, guid: 3e27059c7a020ec4b81891b404d900f4,
    type: 3}
  m_PrefabInstance: {fileID: 1892488507}
  m_PrefabAsset: {fileID: 0}
--- !u!4 &1658857084 stripped
Transform:
  m_CorrespondingSourceObject: {fileID: 6049346530016813252, guid: 3e27059c7a020ec4b81891b404d900f4,
    type: 3}
  m_PrefabInstance: {fileID: 1892488507}
  m_PrefabAsset: {fileID: 0}
--- !u!1001 &1737427578
PrefabInstance:
  m_ObjectHideFlags: 0
  serializedVersion: 2
  m_Modification:
    m_TransformParent: {fileID: 906556341}
    m_Modifications:
    - target: {fileID: 8321899109974541420, guid: 3e27059c7a020ec4b81891b404d900f4,
        type: 3}
      propertyPath: m_Name
      value: Top 2
      objectReference: {fileID: 0}
    - target: {fileID: 6148534124957787698, guid: 3e27059c7a020ec4b81891b404d900f4,
        type: 3}
      propertyPath: m_LocalPosition.x
      value: 0
      objectReference: {fileID: 0}
    - target: {fileID: 6148534124957787698, guid: 3e27059c7a020ec4b81891b404d900f4,
        type: 3}
      propertyPath: m_LocalPosition.y
      value: 0
      objectReference: {fileID: 0}
    - target: {fileID: 6148534124957787698, guid: 3e27059c7a020ec4b81891b404d900f4,
        type: 3}
      propertyPath: m_LocalPosition.z
      value: 0
      objectReference: {fileID: 0}
    - target: {fileID: 6148534124957787698, guid: 3e27059c7a020ec4b81891b404d900f4,
        type: 3}
      propertyPath: m_LocalRotation.x
      value: 0
      objectReference: {fileID: 0}
    - target: {fileID: 6148534124957787698, guid: 3e27059c7a020ec4b81891b404d900f4,
        type: 3}
      propertyPath: m_LocalRotation.y
      value: 0
      objectReference: {fileID: 0}
    - target: {fileID: 6148534124957787698, guid: 3e27059c7a020ec4b81891b404d900f4,
        type: 3}
      propertyPath: m_LocalRotation.z
      value: 0
      objectReference: {fileID: 0}
    - target: {fileID: 6148534124957787698, guid: 3e27059c7a020ec4b81891b404d900f4,
        type: 3}
      propertyPath: m_LocalRotation.w
      value: 1
      objectReference: {fileID: 0}
    - target: {fileID: 6148534124957787698, guid: 3e27059c7a020ec4b81891b404d900f4,
        type: 3}
      propertyPath: m_RootOrder
      value: 0
      objectReference: {fileID: 0}
    - target: {fileID: 6148534124957787698, guid: 3e27059c7a020ec4b81891b404d900f4,
        type: 3}
      propertyPath: m_LocalEulerAnglesHint.x
      value: 0
      objectReference: {fileID: 0}
    - target: {fileID: 6148534124957787698, guid: 3e27059c7a020ec4b81891b404d900f4,
        type: 3}
      propertyPath: m_LocalEulerAnglesHint.y
      value: 0
      objectReference: {fileID: 0}
    - target: {fileID: 6148534124957787698, guid: 3e27059c7a020ec4b81891b404d900f4,
        type: 3}
      propertyPath: m_LocalEulerAnglesHint.z
      value: 0
      objectReference: {fileID: 0}
    - target: {fileID: 6148534124957787698, guid: 3e27059c7a020ec4b81891b404d900f4,
        type: 3}
      propertyPath: m_AnchoredPosition.x
      value: 0
      objectReference: {fileID: 0}
    - target: {fileID: 6148534124957787698, guid: 3e27059c7a020ec4b81891b404d900f4,
        type: 3}
      propertyPath: m_AnchoredPosition.y
      value: 0
      objectReference: {fileID: 0}
    - target: {fileID: 6148534124957787698, guid: 3e27059c7a020ec4b81891b404d900f4,
        type: 3}
      propertyPath: m_SizeDelta.x
      value: 100
      objectReference: {fileID: 0}
    - target: {fileID: 6148534124957787698, guid: 3e27059c7a020ec4b81891b404d900f4,
        type: 3}
      propertyPath: m_SizeDelta.y
      value: 100
      objectReference: {fileID: 0}
    - target: {fileID: 6148534124957787698, guid: 3e27059c7a020ec4b81891b404d900f4,
        type: 3}
      propertyPath: m_AnchorMin.x
      value: 0.5
      objectReference: {fileID: 0}
    - target: {fileID: 6148534124957787698, guid: 3e27059c7a020ec4b81891b404d900f4,
        type: 3}
      propertyPath: m_AnchorMin.y
      value: 0.5
      objectReference: {fileID: 0}
    - target: {fileID: 6148534124957787698, guid: 3e27059c7a020ec4b81891b404d900f4,
        type: 3}
      propertyPath: m_AnchorMax.x
      value: 0.5
      objectReference: {fileID: 0}
    - target: {fileID: 6148534124957787698, guid: 3e27059c7a020ec4b81891b404d900f4,
        type: 3}
      propertyPath: m_AnchorMax.y
      value: 0.5
      objectReference: {fileID: 0}
    - target: {fileID: 6148534124957787698, guid: 3e27059c7a020ec4b81891b404d900f4,
        type: 3}
      propertyPath: m_Pivot.x
      value: 0.5
      objectReference: {fileID: 0}
    - target: {fileID: 6148534124957787698, guid: 3e27059c7a020ec4b81891b404d900f4,
        type: 3}
      propertyPath: m_Pivot.y
      value: 0.5
      objectReference: {fileID: 0}
    - target: {fileID: 8045577963964655870, guid: 3e27059c7a020ec4b81891b404d900f4,
        type: 3}
      propertyPath: m_Color.r
      value: 0.9887359
      objectReference: {fileID: 0}
    - target: {fileID: 8045577963964655870, guid: 3e27059c7a020ec4b81891b404d900f4,
        type: 3}
      propertyPath: m_Color.g
      value: 1
      objectReference: {fileID: 0}
    - target: {fileID: 8045577963964655870, guid: 3e27059c7a020ec4b81891b404d900f4,
        type: 3}
      propertyPath: m_Color.b
      value: 0
      objectReference: {fileID: 0}
    - target: {fileID: 8415492418809448123, guid: 3e27059c7a020ec4b81891b404d900f4,
        type: 3}
      propertyPath: m_AnchoredPosition.x
      value: 95
      objectReference: {fileID: 0}
    - target: {fileID: 4627408211205441891, guid: 3e27059c7a020ec4b81891b404d900f4,
        type: 3}
      propertyPath: m_Color.r
      value: 0.9887359
      objectReference: {fileID: 0}
    - target: {fileID: 4627408211205441891, guid: 3e27059c7a020ec4b81891b404d900f4,
        type: 3}
      propertyPath: m_Color.g
      value: 1
      objectReference: {fileID: 0}
    - target: {fileID: 4627408211205441891, guid: 3e27059c7a020ec4b81891b404d900f4,
        type: 3}
      propertyPath: m_Color.b
      value: 0
      objectReference: {fileID: 0}
    - target: {fileID: 6049346530016813252, guid: 3e27059c7a020ec4b81891b404d900f4,
        type: 3}
      propertyPath: m_LocalPosition.y
      value: 140
      objectReference: {fileID: 0}
    - target: {fileID: 6049346530016813252, guid: 3e27059c7a020ec4b81891b404d900f4,
        type: 3}
      propertyPath: m_RootOrder
      value: 3
      objectReference: {fileID: 0}
    m_RemovedComponents: []
  m_SourcePrefab: {fileID: 100100000, guid: 3e27059c7a020ec4b81891b404d900f4, type: 3}
--- !u!1 &1751078185 stripped
GameObject:
  m_CorrespondingSourceObject: {fileID: 8321899109974541420, guid: 3e27059c7a020ec4b81891b404d900f4,
    type: 3}
  m_PrefabInstance: {fileID: 1772714272}
  m_PrefabAsset: {fileID: 0}
--- !u!4 &1751078186 stripped
Transform:
  m_CorrespondingSourceObject: {fileID: 6049346530016813252, guid: 3e27059c7a020ec4b81891b404d900f4,
    type: 3}
  m_PrefabInstance: {fileID: 1772714272}
  m_PrefabAsset: {fileID: 0}
--- !u!1001 &1772714272
PrefabInstance:
  m_ObjectHideFlags: 0
  serializedVersion: 2
  m_Modification:
    m_TransformParent: {fileID: 906556341}
    m_Modifications:
    - target: {fileID: 8321899109974541420, guid: 3e27059c7a020ec4b81891b404d900f4,
        type: 3}
      propertyPath: m_Name
      value: Top 3
      objectReference: {fileID: 0}
    - target: {fileID: 6148534124957787698, guid: 3e27059c7a020ec4b81891b404d900f4,
        type: 3}
      propertyPath: m_LocalPosition.x
      value: 0
      objectReference: {fileID: 0}
    - target: {fileID: 6148534124957787698, guid: 3e27059c7a020ec4b81891b404d900f4,
        type: 3}
      propertyPath: m_LocalPosition.y
      value: 0
      objectReference: {fileID: 0}
    - target: {fileID: 6148534124957787698, guid: 3e27059c7a020ec4b81891b404d900f4,
        type: 3}
      propertyPath: m_LocalPosition.z
      value: 0
      objectReference: {fileID: 0}
    - target: {fileID: 6148534124957787698, guid: 3e27059c7a020ec4b81891b404d900f4,
        type: 3}
      propertyPath: m_LocalRotation.x
      value: 0
      objectReference: {fileID: 0}
    - target: {fileID: 6148534124957787698, guid: 3e27059c7a020ec4b81891b404d900f4,
        type: 3}
      propertyPath: m_LocalRotation.y
      value: 0
      objectReference: {fileID: 0}
    - target: {fileID: 6148534124957787698, guid: 3e27059c7a020ec4b81891b404d900f4,
        type: 3}
      propertyPath: m_LocalRotation.z
      value: 0
      objectReference: {fileID: 0}
    - target: {fileID: 6148534124957787698, guid: 3e27059c7a020ec4b81891b404d900f4,
        type: 3}
      propertyPath: m_LocalRotation.w
      value: 1
      objectReference: {fileID: 0}
    - target: {fileID: 6148534124957787698, guid: 3e27059c7a020ec4b81891b404d900f4,
        type: 3}
      propertyPath: m_RootOrder
      value: 0
      objectReference: {fileID: 0}
    - target: {fileID: 6148534124957787698, guid: 3e27059c7a020ec4b81891b404d900f4,
        type: 3}
      propertyPath: m_LocalEulerAnglesHint.x
      value: 0
      objectReference: {fileID: 0}
    - target: {fileID: 6148534124957787698, guid: 3e27059c7a020ec4b81891b404d900f4,
        type: 3}
      propertyPath: m_LocalEulerAnglesHint.y
      value: 0
      objectReference: {fileID: 0}
    - target: {fileID: 6148534124957787698, guid: 3e27059c7a020ec4b81891b404d900f4,
        type: 3}
      propertyPath: m_LocalEulerAnglesHint.z
      value: 0
      objectReference: {fileID: 0}
    - target: {fileID: 6148534124957787698, guid: 3e27059c7a020ec4b81891b404d900f4,
        type: 3}
      propertyPath: m_AnchoredPosition.x
      value: 0
      objectReference: {fileID: 0}
    - target: {fileID: 6148534124957787698, guid: 3e27059c7a020ec4b81891b404d900f4,
        type: 3}
      propertyPath: m_AnchoredPosition.y
      value: 0
      objectReference: {fileID: 0}
    - target: {fileID: 6148534124957787698, guid: 3e27059c7a020ec4b81891b404d900f4,
        type: 3}
      propertyPath: m_SizeDelta.x
      value: 100
      objectReference: {fileID: 0}
    - target: {fileID: 6148534124957787698, guid: 3e27059c7a020ec4b81891b404d900f4,
        type: 3}
      propertyPath: m_SizeDelta.y
      value: 100
      objectReference: {fileID: 0}
    - target: {fileID: 6148534124957787698, guid: 3e27059c7a020ec4b81891b404d900f4,
        type: 3}
      propertyPath: m_AnchorMin.x
      value: 0.5
      objectReference: {fileID: 0}
    - target: {fileID: 6148534124957787698, guid: 3e27059c7a020ec4b81891b404d900f4,
        type: 3}
      propertyPath: m_AnchorMin.y
      value: 0.5
      objectReference: {fileID: 0}
    - target: {fileID: 6148534124957787698, guid: 3e27059c7a020ec4b81891b404d900f4,
        type: 3}
      propertyPath: m_AnchorMax.x
      value: 0.5
      objectReference: {fileID: 0}
    - target: {fileID: 6148534124957787698, guid: 3e27059c7a020ec4b81891b404d900f4,
        type: 3}
      propertyPath: m_AnchorMax.y
      value: 0.5
      objectReference: {fileID: 0}
    - target: {fileID: 6148534124957787698, guid: 3e27059c7a020ec4b81891b404d900f4,
        type: 3}
      propertyPath: m_Pivot.x
      value: 0.5
      objectReference: {fileID: 0}
    - target: {fileID: 6148534124957787698, guid: 3e27059c7a020ec4b81891b404d900f4,
        type: 3}
      propertyPath: m_Pivot.y
      value: 0.5
      objectReference: {fileID: 0}
    - target: {fileID: 8045577963964655870, guid: 3e27059c7a020ec4b81891b404d900f4,
        type: 3}
      propertyPath: m_Color.r
      value: 0.9887359
      objectReference: {fileID: 0}
    - target: {fileID: 8045577963964655870, guid: 3e27059c7a020ec4b81891b404d900f4,
        type: 3}
      propertyPath: m_Color.g
      value: 1
      objectReference: {fileID: 0}
    - target: {fileID: 8045577963964655870, guid: 3e27059c7a020ec4b81891b404d900f4,
        type: 3}
      propertyPath: m_Color.b
      value: 0
      objectReference: {fileID: 0}
    - target: {fileID: 8415492418809448123, guid: 3e27059c7a020ec4b81891b404d900f4,
        type: 3}
      propertyPath: m_AnchoredPosition.x
      value: 95
      objectReference: {fileID: 0}
    - target: {fileID: 4627408211205441891, guid: 3e27059c7a020ec4b81891b404d900f4,
        type: 3}
      propertyPath: m_Color.r
      value: 0.9887359
      objectReference: {fileID: 0}
    - target: {fileID: 4627408211205441891, guid: 3e27059c7a020ec4b81891b404d900f4,
        type: 3}
      propertyPath: m_Color.g
      value: 1
      objectReference: {fileID: 0}
    - target: {fileID: 4627408211205441891, guid: 3e27059c7a020ec4b81891b404d900f4,
        type: 3}
      propertyPath: m_Color.b
      value: 0
      objectReference: {fileID: 0}
    - target: {fileID: 6049346530016813252, guid: 3e27059c7a020ec4b81891b404d900f4,
        type: 3}
      propertyPath: m_LocalPosition.y
      value: 100
      objectReference: {fileID: 0}
    - target: {fileID: 6049346530016813252, guid: 3e27059c7a020ec4b81891b404d900f4,
        type: 3}
      propertyPath: m_RootOrder
      value: 2
      objectReference: {fileID: 0}
    m_RemovedComponents: []
  m_SourcePrefab: {fileID: 100100000, guid: 3e27059c7a020ec4b81891b404d900f4, type: 3}
--- !u!1 &1833415565
GameObject:
  m_ObjectHideFlags: 0
  m_CorrespondingSourceObject: {fileID: 0}
  m_PrefabInstance: {fileID: 0}
  m_PrefabAsset: {fileID: 0}
  serializedVersion: 6
  m_Component:
  - component: {fileID: 1833415568}
  - component: {fileID: 1833415567}
  - component: {fileID: 1833415566}
  m_Layer: 0
  m_Name: Main Camera
  m_TagString: MainCamera
  m_Icon: {fileID: 0}
  m_NavMeshLayer: 0
  m_StaticEditorFlags: 0
  m_IsActive: 1
--- !u!81 &1833415566
AudioListener:
  m_ObjectHideFlags: 0
  m_CorrespondingSourceObject: {fileID: 0}
  m_PrefabInstance: {fileID: 0}
  m_PrefabAsset: {fileID: 0}
  m_GameObject: {fileID: 1833415565}
  m_Enabled: 1
--- !u!20 &1833415567
Camera:
  m_ObjectHideFlags: 0
  m_CorrespondingSourceObject: {fileID: 0}
  m_PrefabInstance: {fileID: 0}
  m_PrefabAsset: {fileID: 0}
  m_GameObject: {fileID: 1833415565}
  m_Enabled: 1
  serializedVersion: 2
  m_ClearFlags: 1
  m_BackGroundColor: {r: 0, g: 0, b: 0, a: 0}
  m_projectionMatrixMode: 1
  m_SensorSize: {x: 36, y: 24}
  m_LensShift: {x: 0, y: 0}
  m_GateFitMode: 2
  m_FocalLength: 50
  m_NormalizedViewPortRect:
    serializedVersion: 2
    x: 0
    y: 0
    width: 1
    height: 1
  near clip plane: 0.3
  far clip plane: 1000
  field of view: 60
  orthographic: 1
  orthographic size: 5
  m_Depth: -1
  m_CullingMask:
    serializedVersion: 2
    m_Bits: 4294967295
  m_RenderingPath: -1
  m_TargetTexture: {fileID: 0}
  m_TargetDisplay: 0
  m_TargetEye: 3
  m_HDR: 1
  m_AllowMSAA: 1
  m_AllowDynamicResolution: 0
  m_ForceIntoRT: 0
  m_OcclusionCulling: 1
  m_StereoConvergence: 10
  m_StereoSeparation: 0.022
--- !u!4 &1833415568
Transform:
  m_ObjectHideFlags: 0
  m_CorrespondingSourceObject: {fileID: 0}
  m_PrefabInstance: {fileID: 0}
  m_PrefabAsset: {fileID: 0}
  m_GameObject: {fileID: 1833415565}
  m_LocalRotation: {x: 0, y: 0, z: 0, w: 1}
  m_LocalPosition: {x: 0, y: 0, z: -10}
  m_LocalScale: {x: 1, y: 1, z: 1}
  m_Children: []
  m_Father: {fileID: 0}
  m_RootOrder: 0
  m_LocalEulerAnglesHint: {x: 0, y: 0, z: 0}
--- !u!1 &1861767593 stripped
GameObject:
  m_CorrespondingSourceObject: {fileID: 8321899109974541420, guid: 3e27059c7a020ec4b81891b404d900f4,
    type: 3}
  m_PrefabInstance: {fileID: 158789597}
  m_PrefabAsset: {fileID: 0}
--- !u!4 &1861767594 stripped
Transform:
  m_CorrespondingSourceObject: {fileID: 6049346530016813252, guid: 3e27059c7a020ec4b81891b404d900f4,
    type: 3}
  m_PrefabInstance: {fileID: 158789597}
  m_PrefabAsset: {fileID: 0}
--- !u!1 &1880756020
GameObject:
  m_ObjectHideFlags: 0
  m_CorrespondingSourceObject: {fileID: 0}
  m_PrefabInstance: {fileID: 0}
  m_PrefabAsset: {fileID: 0}
  serializedVersion: 6
  m_Component:
  - component: {fileID: 1880756022}
  - component: {fileID: 1880756021}
  m_Layer: 0
  m_Name: Ranking
  m_TagString: Untagged
  m_Icon: {fileID: 0}
  m_NavMeshLayer: 0
  m_StaticEditorFlags: 0
  m_IsActive: 1
--- !u!114 &1880756021
MonoBehaviour:
  m_ObjectHideFlags: 0
  m_CorrespondingSourceObject: {fileID: 0}
  m_PrefabInstance: {fileID: 0}
  m_PrefabAsset: {fileID: 0}
  m_GameObject: {fileID: 1880756020}
  m_Enabled: 1
  m_EditorHideFlags: 0
  m_Script: {fileID: 11500000, guid: 8033eb691cd013f45bf30cf86e50e8e6, type: 3}
  m_Name: 
  m_EditorClassIdentifier: 
  textos:
  - {fileID: 8321899109974541420}
  - {fileID: 263590713}
  - {fileID: 1751078185}
  - {fileID: 518849052}
  - {fileID: 2086540849}
  - {fileID: 1861767593}
  - {fileID: 1628792603}
  - {fileID: 1658857083}
  - {fileID: 332596601}
  - {fileID: 1114711472}
--- !u!4 &1880756022
Transform:
  m_ObjectHideFlags: 0
  m_CorrespondingSourceObject: {fileID: 0}
  m_PrefabInstance: {fileID: 0}
  m_PrefabAsset: {fileID: 0}
  m_GameObject: {fileID: 1880756020}
  m_LocalRotation: {x: 0, y: 0, z: 0, w: 1}
  m_LocalPosition: {x: 162.24614, y: 434.64404, z: -2.125}
  m_LocalScale: {x: 1, y: 1, z: 1}
  m_Children: []
  m_Father: {fileID: 0}
  m_RootOrder: 3
  m_LocalEulerAnglesHint: {x: 0, y: 0, z: 0}
--- !u!1001 &1892488507
PrefabInstance:
  m_ObjectHideFlags: 0
  serializedVersion: 2
  m_Modification:
    m_TransformParent: {fileID: 906556341}
    m_Modifications:
    - target: {fileID: 8321899109974541420, guid: 3e27059c7a020ec4b81891b404d900f4,
        type: 3}
      propertyPath: m_Name
      value: Baixo 1
      objectReference: {fileID: 0}
    - target: {fileID: 6148534124957787698, guid: 3e27059c7a020ec4b81891b404d900f4,
        type: 3}
      propertyPath: m_LocalPosition.x
      value: 0
      objectReference: {fileID: 0}
    - target: {fileID: 6148534124957787698, guid: 3e27059c7a020ec4b81891b404d900f4,
        type: 3}
      propertyPath: m_LocalPosition.y
      value: 0
      objectReference: {fileID: 0}
    - target: {fileID: 6148534124957787698, guid: 3e27059c7a020ec4b81891b404d900f4,
        type: 3}
      propertyPath: m_LocalPosition.z
      value: 0
      objectReference: {fileID: 0}
    - target: {fileID: 6148534124957787698, guid: 3e27059c7a020ec4b81891b404d900f4,
        type: 3}
      propertyPath: m_LocalRotation.x
      value: 0
      objectReference: {fileID: 0}
    - target: {fileID: 6148534124957787698, guid: 3e27059c7a020ec4b81891b404d900f4,
        type: 3}
      propertyPath: m_LocalRotation.y
      value: 0
      objectReference: {fileID: 0}
    - target: {fileID: 6148534124957787698, guid: 3e27059c7a020ec4b81891b404d900f4,
        type: 3}
      propertyPath: m_LocalRotation.z
      value: 0
      objectReference: {fileID: 0}
    - target: {fileID: 6148534124957787698, guid: 3e27059c7a020ec4b81891b404d900f4,
        type: 3}
      propertyPath: m_LocalRotation.w
      value: 1
      objectReference: {fileID: 0}
    - target: {fileID: 6148534124957787698, guid: 3e27059c7a020ec4b81891b404d900f4,
        type: 3}
      propertyPath: m_RootOrder
      value: 0
      objectReference: {fileID: 0}
    - target: {fileID: 6148534124957787698, guid: 3e27059c7a020ec4b81891b404d900f4,
        type: 3}
      propertyPath: m_LocalEulerAnglesHint.x
      value: 0
      objectReference: {fileID: 0}
    - target: {fileID: 6148534124957787698, guid: 3e27059c7a020ec4b81891b404d900f4,
        type: 3}
      propertyPath: m_LocalEulerAnglesHint.y
      value: 0
      objectReference: {fileID: 0}
    - target: {fileID: 6148534124957787698, guid: 3e27059c7a020ec4b81891b404d900f4,
        type: 3}
      propertyPath: m_LocalEulerAnglesHint.z
      value: 0
      objectReference: {fileID: 0}
    - target: {fileID: 6148534124957787698, guid: 3e27059c7a020ec4b81891b404d900f4,
        type: 3}
      propertyPath: m_AnchoredPosition.x
      value: 0
      objectReference: {fileID: 0}
    - target: {fileID: 6148534124957787698, guid: 3e27059c7a020ec4b81891b404d900f4,
        type: 3}
      propertyPath: m_AnchoredPosition.y
      value: 0
      objectReference: {fileID: 0}
    - target: {fileID: 6148534124957787698, guid: 3e27059c7a020ec4b81891b404d900f4,
        type: 3}
      propertyPath: m_SizeDelta.x
      value: 100
      objectReference: {fileID: 0}
    - target: {fileID: 6148534124957787698, guid: 3e27059c7a020ec4b81891b404d900f4,
        type: 3}
      propertyPath: m_SizeDelta.y
      value: 100
      objectReference: {fileID: 0}
    - target: {fileID: 6148534124957787698, guid: 3e27059c7a020ec4b81891b404d900f4,
        type: 3}
      propertyPath: m_AnchorMin.x
      value: 0.5
      objectReference: {fileID: 0}
    - target: {fileID: 6148534124957787698, guid: 3e27059c7a020ec4b81891b404d900f4,
        type: 3}
      propertyPath: m_AnchorMin.y
      value: 0.5
      objectReference: {fileID: 0}
    - target: {fileID: 6148534124957787698, guid: 3e27059c7a020ec4b81891b404d900f4,
        type: 3}
      propertyPath: m_AnchorMax.x
      value: 0.5
      objectReference: {fileID: 0}
    - target: {fileID: 6148534124957787698, guid: 3e27059c7a020ec4b81891b404d900f4,
        type: 3}
      propertyPath: m_AnchorMax.y
      value: 0.5
      objectReference: {fileID: 0}
    - target: {fileID: 6148534124957787698, guid: 3e27059c7a020ec4b81891b404d900f4,
        type: 3}
      propertyPath: m_Pivot.x
      value: 0.5
      objectReference: {fileID: 0}
    - target: {fileID: 6148534124957787698, guid: 3e27059c7a020ec4b81891b404d900f4,
        type: 3}
      propertyPath: m_Pivot.y
      value: 0.5
      objectReference: {fileID: 0}
    - target: {fileID: 8045577963964655870, guid: 3e27059c7a020ec4b81891b404d900f4,
        type: 3}
      propertyPath: m_Color.r
      value: 1
      objectReference: {fileID: 0}
    - target: {fileID: 8045577963964655870, guid: 3e27059c7a020ec4b81891b404d900f4,
        type: 3}
      propertyPath: m_Color.g
      value: 0
      objectReference: {fileID: 0}
    - target: {fileID: 8045577963964655870, guid: 3e27059c7a020ec4b81891b404d900f4,
        type: 3}
      propertyPath: m_Color.b
      value: 0.019191265
      objectReference: {fileID: 0}
    - target: {fileID: 8415492418809448123, guid: 3e27059c7a020ec4b81891b404d900f4,
        type: 3}
      propertyPath: m_AnchoredPosition.x
      value: 95
      objectReference: {fileID: 0}
    - target: {fileID: 4627408211205441891, guid: 3e27059c7a020ec4b81891b404d900f4,
        type: 3}
      propertyPath: m_Color.r
      value: 1
      objectReference: {fileID: 0}
    - target: {fileID: 4627408211205441891, guid: 3e27059c7a020ec4b81891b404d900f4,
        type: 3}
      propertyPath: m_Color.g
      value: 0
      objectReference: {fileID: 0}
    - target: {fileID: 4627408211205441891, guid: 3e27059c7a020ec4b81891b404d900f4,
        type: 3}
      propertyPath: m_Color.b
      value: 0.019191265
      objectReference: {fileID: 0}
    - target: {fileID: 6049346530016813252, guid: 3e27059c7a020ec4b81891b404d900f4,
        type: 3}
      propertyPath: m_LocalPosition.y
      value: -100
      objectReference: {fileID: 0}
    - target: {fileID: 6049346530016813252, guid: 3e27059c7a020ec4b81891b404d900f4,
        type: 3}
      propertyPath: m_RootOrder
      value: 8
      objectReference: {fileID: 0}
    m_RemovedComponents: []
  m_SourcePrefab: {fileID: 100100000, guid: 3e27059c7a020ec4b81891b404d900f4, type: 3}
--- !u!1001 &1945152879
PrefabInstance:
  m_ObjectHideFlags: 0
  serializedVersion: 2
  m_Modification:
    m_TransformParent: {fileID: 906556341}
    m_Modifications:
    - target: {fileID: 8321899109974541420, guid: 3e27059c7a020ec4b81891b404d900f4,
        type: 3}
      propertyPath: m_Name
      value: Baixo 3
      objectReference: {fileID: 0}
    - target: {fileID: 6148534124957787698, guid: 3e27059c7a020ec4b81891b404d900f4,
        type: 3}
      propertyPath: m_LocalPosition.x
      value: 0
      objectReference: {fileID: 0}
    - target: {fileID: 6148534124957787698, guid: 3e27059c7a020ec4b81891b404d900f4,
        type: 3}
      propertyPath: m_LocalPosition.y
      value: 0
      objectReference: {fileID: 0}
    - target: {fileID: 6148534124957787698, guid: 3e27059c7a020ec4b81891b404d900f4,
        type: 3}
      propertyPath: m_LocalPosition.z
      value: 0
      objectReference: {fileID: 0}
    - target: {fileID: 6148534124957787698, guid: 3e27059c7a020ec4b81891b404d900f4,
        type: 3}
      propertyPath: m_LocalRotation.x
      value: 0
      objectReference: {fileID: 0}
    - target: {fileID: 6148534124957787698, guid: 3e27059c7a020ec4b81891b404d900f4,
        type: 3}
      propertyPath: m_LocalRotation.y
      value: 0
      objectReference: {fileID: 0}
    - target: {fileID: 6148534124957787698, guid: 3e27059c7a020ec4b81891b404d900f4,
        type: 3}
      propertyPath: m_LocalRotation.z
      value: 0
      objectReference: {fileID: 0}
    - target: {fileID: 6148534124957787698, guid: 3e27059c7a020ec4b81891b404d900f4,
        type: 3}
      propertyPath: m_LocalRotation.w
      value: 1
      objectReference: {fileID: 0}
    - target: {fileID: 6148534124957787698, guid: 3e27059c7a020ec4b81891b404d900f4,
        type: 3}
      propertyPath: m_RootOrder
      value: 0
      objectReference: {fileID: 0}
    - target: {fileID: 6148534124957787698, guid: 3e27059c7a020ec4b81891b404d900f4,
        type: 3}
      propertyPath: m_LocalEulerAnglesHint.x
      value: 0
      objectReference: {fileID: 0}
    - target: {fileID: 6148534124957787698, guid: 3e27059c7a020ec4b81891b404d900f4,
        type: 3}
      propertyPath: m_LocalEulerAnglesHint.y
      value: 0
      objectReference: {fileID: 0}
    - target: {fileID: 6148534124957787698, guid: 3e27059c7a020ec4b81891b404d900f4,
        type: 3}
      propertyPath: m_LocalEulerAnglesHint.z
      value: 0
      objectReference: {fileID: 0}
    - target: {fileID: 6148534124957787698, guid: 3e27059c7a020ec4b81891b404d900f4,
        type: 3}
      propertyPath: m_AnchoredPosition.x
      value: 0
      objectReference: {fileID: 0}
    - target: {fileID: 6148534124957787698, guid: 3e27059c7a020ec4b81891b404d900f4,
        type: 3}
      propertyPath: m_AnchoredPosition.y
      value: 0
      objectReference: {fileID: 0}
    - target: {fileID: 6148534124957787698, guid: 3e27059c7a020ec4b81891b404d900f4,
        type: 3}
      propertyPath: m_SizeDelta.x
      value: 100
      objectReference: {fileID: 0}
    - target: {fileID: 6148534124957787698, guid: 3e27059c7a020ec4b81891b404d900f4,
        type: 3}
      propertyPath: m_SizeDelta.y
      value: 100
      objectReference: {fileID: 0}
    - target: {fileID: 6148534124957787698, guid: 3e27059c7a020ec4b81891b404d900f4,
        type: 3}
      propertyPath: m_AnchorMin.x
      value: 0.5
      objectReference: {fileID: 0}
    - target: {fileID: 6148534124957787698, guid: 3e27059c7a020ec4b81891b404d900f4,
        type: 3}
      propertyPath: m_AnchorMin.y
      value: 0.5
      objectReference: {fileID: 0}
    - target: {fileID: 6148534124957787698, guid: 3e27059c7a020ec4b81891b404d900f4,
        type: 3}
      propertyPath: m_AnchorMax.x
      value: 0.5
      objectReference: {fileID: 0}
    - target: {fileID: 6148534124957787698, guid: 3e27059c7a020ec4b81891b404d900f4,
        type: 3}
      propertyPath: m_AnchorMax.y
      value: 0.5
      objectReference: {fileID: 0}
    - target: {fileID: 6148534124957787698, guid: 3e27059c7a020ec4b81891b404d900f4,
        type: 3}
      propertyPath: m_Pivot.x
      value: 0.5
      objectReference: {fileID: 0}
    - target: {fileID: 6148534124957787698, guid: 3e27059c7a020ec4b81891b404d900f4,
        type: 3}
      propertyPath: m_Pivot.y
      value: 0.5
      objectReference: {fileID: 0}
    - target: {fileID: 8045577963964655870, guid: 3e27059c7a020ec4b81891b404d900f4,
        type: 3}
      propertyPath: m_Color.r
      value: 1
      objectReference: {fileID: 0}
    - target: {fileID: 8045577963964655870, guid: 3e27059c7a020ec4b81891b404d900f4,
        type: 3}
      propertyPath: m_Color.g
      value: 0
      objectReference: {fileID: 0}
    - target: {fileID: 8045577963964655870, guid: 3e27059c7a020ec4b81891b404d900f4,
        type: 3}
      propertyPath: m_Color.b
      value: 0.019191265
      objectReference: {fileID: 0}
    - target: {fileID: 8415492418809448123, guid: 3e27059c7a020ec4b81891b404d900f4,
        type: 3}
      propertyPath: m_AnchoredPosition.x
      value: 95
      objectReference: {fileID: 0}
    - target: {fileID: 4627408211205441891, guid: 3e27059c7a020ec4b81891b404d900f4,
        type: 3}
      propertyPath: m_Color.r
      value: 1
      objectReference: {fileID: 0}
    - target: {fileID: 4627408211205441891, guid: 3e27059c7a020ec4b81891b404d900f4,
        type: 3}
      propertyPath: m_Color.g
      value: 0
      objectReference: {fileID: 0}
    - target: {fileID: 4627408211205441891, guid: 3e27059c7a020ec4b81891b404d900f4,
        type: 3}
      propertyPath: m_Color.b
      value: 0.019191265
      objectReference: {fileID: 0}
    - target: {fileID: 6049346530016813252, guid: 3e27059c7a020ec4b81891b404d900f4,
        type: 3}
      propertyPath: m_LocalPosition.y
      value: -180
      objectReference: {fileID: 0}
    - target: {fileID: 6049346530016813252, guid: 3e27059c7a020ec4b81891b404d900f4,
        type: 3}
      propertyPath: m_RootOrder
      value: 0
      objectReference: {fileID: 0}
    m_RemovedComponents: []
  m_SourcePrefab: {fileID: 100100000, guid: 3e27059c7a020ec4b81891b404d900f4, type: 3}
--- !u!1 &2086540849 stripped
GameObject:
  m_CorrespondingSourceObject: {fileID: 8321899109974541420, guid: 3e27059c7a020ec4b81891b404d900f4,
    type: 3}
  m_PrefabInstance: {fileID: 595456323}
  m_PrefabAsset: {fileID: 0}
--- !u!4 &2086540850 stripped
Transform:
  m_CorrespondingSourceObject: {fileID: 6049346530016813252, guid: 3e27059c7a020ec4b81891b404d900f4,
    type: 3}
  m_PrefabInstance: {fileID: 595456323}
  m_PrefabAsset: {fileID: 0}
--- !u!1001 &1798719397676960367
PrefabInstance:
  m_ObjectHideFlags: 0
  serializedVersion: 2
  m_Modification:
    m_TransformParent: {fileID: 906556341}
    m_Modifications:
    - target: {fileID: 8321899109974541420, guid: 3e27059c7a020ec4b81891b404d900f4,
        type: 3}
      propertyPath: m_Name
      value: Top 1
      objectReference: {fileID: 0}
    - target: {fileID: 6148534124957787698, guid: 3e27059c7a020ec4b81891b404d900f4,
        type: 3}
      propertyPath: m_LocalPosition.x
      value: 0
      objectReference: {fileID: 0}
    - target: {fileID: 6148534124957787698, guid: 3e27059c7a020ec4b81891b404d900f4,
        type: 3}
      propertyPath: m_LocalPosition.y
      value: 0
      objectReference: {fileID: 0}
    - target: {fileID: 6148534124957787698, guid: 3e27059c7a020ec4b81891b404d900f4,
        type: 3}
      propertyPath: m_LocalPosition.z
      value: 0
      objectReference: {fileID: 0}
    - target: {fileID: 6148534124957787698, guid: 3e27059c7a020ec4b81891b404d900f4,
        type: 3}
      propertyPath: m_LocalRotation.x
      value: 0
      objectReference: {fileID: 0}
    - target: {fileID: 6148534124957787698, guid: 3e27059c7a020ec4b81891b404d900f4,
        type: 3}
      propertyPath: m_LocalRotation.y
      value: 0
      objectReference: {fileID: 0}
    - target: {fileID: 6148534124957787698, guid: 3e27059c7a020ec4b81891b404d900f4,
        type: 3}
      propertyPath: m_LocalRotation.z
      value: 0
      objectReference: {fileID: 0}
    - target: {fileID: 6148534124957787698, guid: 3e27059c7a020ec4b81891b404d900f4,
        type: 3}
      propertyPath: m_LocalRotation.w
      value: 1
      objectReference: {fileID: 0}
    - target: {fileID: 6148534124957787698, guid: 3e27059c7a020ec4b81891b404d900f4,
        type: 3}
      propertyPath: m_RootOrder
      value: 0
      objectReference: {fileID: 0}
    - target: {fileID: 6148534124957787698, guid: 3e27059c7a020ec4b81891b404d900f4,
        type: 3}
      propertyPath: m_LocalEulerAnglesHint.x
      value: 0
      objectReference: {fileID: 0}
    - target: {fileID: 6148534124957787698, guid: 3e27059c7a020ec4b81891b404d900f4,
        type: 3}
      propertyPath: m_LocalEulerAnglesHint.y
      value: 0
      objectReference: {fileID: 0}
    - target: {fileID: 6148534124957787698, guid: 3e27059c7a020ec4b81891b404d900f4,
        type: 3}
      propertyPath: m_LocalEulerAnglesHint.z
      value: 0
      objectReference: {fileID: 0}
    - target: {fileID: 6148534124957787698, guid: 3e27059c7a020ec4b81891b404d900f4,
        type: 3}
      propertyPath: m_AnchoredPosition.x
      value: 0
      objectReference: {fileID: 0}
    - target: {fileID: 6148534124957787698, guid: 3e27059c7a020ec4b81891b404d900f4,
        type: 3}
      propertyPath: m_AnchoredPosition.y
      value: 0
      objectReference: {fileID: 0}
    - target: {fileID: 6148534124957787698, guid: 3e27059c7a020ec4b81891b404d900f4,
        type: 3}
      propertyPath: m_SizeDelta.x
      value: 100
      objectReference: {fileID: 0}
    - target: {fileID: 6148534124957787698, guid: 3e27059c7a020ec4b81891b404d900f4,
        type: 3}
      propertyPath: m_SizeDelta.y
      value: 100
      objectReference: {fileID: 0}
    - target: {fileID: 6148534124957787698, guid: 3e27059c7a020ec4b81891b404d900f4,
        type: 3}
      propertyPath: m_AnchorMin.x
      value: 0.5
      objectReference: {fileID: 0}
    - target: {fileID: 6148534124957787698, guid: 3e27059c7a020ec4b81891b404d900f4,
        type: 3}
      propertyPath: m_AnchorMin.y
      value: 0.5
      objectReference: {fileID: 0}
    - target: {fileID: 6148534124957787698, guid: 3e27059c7a020ec4b81891b404d900f4,
        type: 3}
      propertyPath: m_AnchorMax.x
      value: 0.5
      objectReference: {fileID: 0}
    - target: {fileID: 6148534124957787698, guid: 3e27059c7a020ec4b81891b404d900f4,
        type: 3}
      propertyPath: m_AnchorMax.y
      value: 0.5
      objectReference: {fileID: 0}
    - target: {fileID: 6148534124957787698, guid: 3e27059c7a020ec4b81891b404d900f4,
        type: 3}
      propertyPath: m_Pivot.x
      value: 0.5
      objectReference: {fileID: 0}
    - target: {fileID: 6148534124957787698, guid: 3e27059c7a020ec4b81891b404d900f4,
        type: 3}
      propertyPath: m_Pivot.y
      value: 0.5
      objectReference: {fileID: 0}
    - target: {fileID: 8045577963964655870, guid: 3e27059c7a020ec4b81891b404d900f4,
        type: 3}
      propertyPath: m_Color.r
      value: 0.9887359
      objectReference: {fileID: 0}
    - target: {fileID: 8045577963964655870, guid: 3e27059c7a020ec4b81891b404d900f4,
        type: 3}
      propertyPath: m_Color.g
      value: 1
      objectReference: {fileID: 0}
    - target: {fileID: 8045577963964655870, guid: 3e27059c7a020ec4b81891b404d900f4,
        type: 3}
      propertyPath: m_Color.b
      value: 0
      objectReference: {fileID: 0}
    - target: {fileID: 8415492418809448123, guid: 3e27059c7a020ec4b81891b404d900f4,
        type: 3}
      propertyPath: m_AnchoredPosition.x
      value: 95
      objectReference: {fileID: 0}
    - target: {fileID: 4627408211205441891, guid: 3e27059c7a020ec4b81891b404d900f4,
        type: 3}
      propertyPath: m_Color.r
      value: 0.9887359
      objectReference: {fileID: 0}
    - target: {fileID: 4627408211205441891, guid: 3e27059c7a020ec4b81891b404d900f4,
        type: 3}
      propertyPath: m_Color.g
      value: 1
      objectReference: {fileID: 0}
    - target: {fileID: 4627408211205441891, guid: 3e27059c7a020ec4b81891b404d900f4,
        type: 3}
      propertyPath: m_Color.b
      value: 0
      objectReference: {fileID: 0}
    - target: {fileID: 6049346530016813252, guid: 3e27059c7a020ec4b81891b404d900f4,
        type: 3}
      propertyPath: m_LocalPosition.y
      value: 180
      objectReference: {fileID: 0}
    - target: {fileID: 6049346530016813252, guid: 3e27059c7a020ec4b81891b404d900f4,
        type: 3}
      propertyPath: m_RootOrder
      value: 1
      objectReference: {fileID: 0}
    m_RemovedComponents: []
  m_SourcePrefab: {fileID: 100100000, guid: 3e27059c7a020ec4b81891b404d900f4, type: 3}
--- !u!1 &8321899109974541420 stripped
GameObject:
  m_CorrespondingSourceObject: {fileID: 8321899109974541420, guid: 3e27059c7a020ec4b81891b404d900f4,
    type: 3}
  m_PrefabInstance: {fileID: 1798719397676960367}
  m_PrefabAsset: {fileID: 0}
--- !u!4 &8321899109974541421 stripped
Transform:
  m_CorrespondingSourceObject: {fileID: 6049346530016813252, guid: 3e27059c7a020ec4b81891b404d900f4,
    type: 3}
  m_PrefabInstance: {fileID: 1798719397676960367}
  m_PrefabAsset: {fileID: 0}
